@article{ubuntucorpus,
  author    = {Ryan Lowe and
               Nissan Pow and
               Iulian Serban and
               Joelle Pineau},
  title     = {The Ubuntu Dialogue Corpus: {A} Large Dataset for Research in Unstructured
               Multi-Turn Dialogue Systems},
  journal   = {CoRR},
  volume    = {abs/1506.08909},
  year      = {2015},
  url       = {http://arxiv.org/abs/1506.08909},
  timestamp = {Wed, 01 Jul 2015 15:10:24 +0200},
  biburl    = {http://dblp.uni-trier.de/rec/bib/journals/corr/LowePSP15},
  bibsource = {dblp computer science bibliography, http://dblp.org}
}

@article {andersonann,
    author  = "Dave Anderson and George McNeill",
    title   = "Artificial neural networks technology",
    journal = "Data \& Analysis Center for Software",
    year    = "1992"
}

@ONLINE {redditdump,
    author = "Ketralnis",
    title  = "CSV dump of reddit voting data",
    year   = "2011",
    url    = "https://www.reddit.com/r/redditdev/comments/bubhl/csv_dump_of_reddit_voting_data/"
}

@ARTICLE {chineesernn,
    author  = "Ronaldo Messina, Jérôme Louradour",
    title   = "Segmentation-free handwritten Chinese text recognition with LSTM-RNN",
    journal = "International Conference on Document Analysis and Recognition",
    year    = "2015",
    volume  = "13",
    pages   = "171-175"
}

@ARTICLE {amazonfiltering,
    author  = "Greg Linden and Brent Smith and Jeremy York",
    title   = "Amazon.com recommendations: Item-to-item collaborative filtering",
    journal = "IEEE Computer Society",
    year    = "2003"
}

@ONLINE {slack,
    author = "{Slack Technologies Inc.}",
    title  = "Highlight word notifications",
    month  = "feb",
    year   = "2017",
    url    = "https://get.slack.help/hc/en-us/articles/201398467-Highlight-word-notifications"
}

@incollection{compositvectorgrammars,
    title       = {{Parsing With Compositional Vector Grammars}},
    author      = {Richard Socher and John Bauer and Christopher D. Manning and Andrew Y. Ng},
    booktitle   = {{ACL}},
    year        = {2013}
}

@inproceedings{relaffinity,
     author     = {Westermann, Tilo and M\"{o}ller, Sebastian and Wechsung, Ina},
     title      = {Assessing the Relationship Between Technical Affinity, Stress and Notifications on Smartphones},
     booktitle  = {Proceedings of the 17th International Conference on Human-Computer Interaction with Mobile Devices and Services Adjunct},
     series     = {MobileHCI '15},
     year       = {2015},
     isbn       = {978-1-4503-3653-6},
     location   = {Copenhagen, Denmark},
     pages      = {652--659},
     numpages   = {8},
     url        = {http://doi.acm.org/10.1145/2786567.2793684},
     doi        = {10.1145/2786567.2793684},
     acmid      = {2793684},
     publisher  = {ACM},
     address    = {New York, NY, USA},
     keywords   = {Apps, Human Factors, Smartphones, User Study, notifications},
} 